<?xml version="1.0" encoding="UTF-8"?><collection xmlns="http://www.loc.gov/MARC21/slim"><record><leader>00675nam--2200193-i-4500</leader><controlfield tag="001">000039601</controlfield><controlfield tag="002">20161230</controlfield><controlfield tag="005">20161230201042</controlfield><controlfield tag="008">060222s1000------------r-----000-0-fre-d</controlfield><datafield ind1=" " ind2=" " tag="040"><subfield code="a">IFIN-HH</subfield></datafield><datafield ind1=" " ind2=" " tag="041"><subfield code="a">fre</subfield></datafield><datafield ind1=" " ind2=" " tag="080"><subfield code="a">539.166:539.164.3</subfield></datafield><datafield ind1="1" ind2=" " tag="100"><subfield code="a">Rosenblum, Salomon M</subfield></datafield><datafield ind1="1" ind2="0" tag="245"><subfield code="a">Origine des rayons gamma. structure fine du spectre magnetique des rayons alpha. exposes de physique theorique publies sous la direction de m.louis de broglie. iv</subfield><subfield code="c">M. salomon rosenblum</subfield></datafield><datafield ind1=" " ind2=" " tag="260"><subfield code="a">Paris</subfield><subfield code="b">Hermann Et C-ie, Editures</subfield><subfield code="c">1932</subfield></datafield><datafield ind1=" " ind2=" " tag="300"><subfield code="a">37P</subfield></datafield><datafield ind1=" " ind2=" " tag="490"><subfield code="a">Actualites Scientifiques Et Industrielles</subfield><subfield code="v">Vol. Xxxiv</subfield></datafield><datafield ind1=" " ind2=" " tag="852"><subfield code="a">44446</subfield><subfield code="c">H.H</subfield></datafield><datafield ind1=" " ind2=" " tag="CAT"><subfield code="a">Sys</subfield><subfield code="c">20130404</subfield><subfield code="h">111950</subfield></datafield></record></collection>